@article{Boyer.1998,
 author = {Boyer, Michel and Brassard, Gilles and H{\o}yer, Peter and Tapp, Alain},
 year = {1998},
 title = {Tight Bounds on Quantum Searching},
 url = {https://arxiv.org/pdf/quant-ph/9605034%7D},
 urldate = {29.08.2022},
 pages = {493--505},
 volume = {46},
 number = {4-5},
 issn = {0015-8208},
 journal = {Fortschritte der Physik},
 doi = {10.1002/(SICI)1521-3978(199806)46:4/5{\textless}493::AID-PROP493{\textgreater}3.0.CO;2-P},
}

@misc{Durr.1996,
 author = {Durr, Christoph and Hoyer, Peter},
 date = {1996},
 title = {A Quantum Algorithm for Finding the Minimum},
 url = {https://arxiv.org/pdf/quant-ph/9607014%7D},
 urldate = {29.08.2022},
}

@book{Homeister.2018,
 author = {Homeister},
 year = {2018},
 title = {Quantum Computing verstehen},
 address = {Wiesbaden},
 urldate = {29.08.2022},
 publisher = {{Springer Fachmedien Wiesbaden}},
 isbn = {978-3-658-22883-5},
 doi = {10.1007/978-3-658-22884-2},
}

@book{Kaye.2007,
 author = {Kaye, P. and Laflamme, R. and Mosca, M.},
 year = {2007},
 title = {An Introduction to Quantum Computing},
 url = {http://mmrc.amss.cas.cn/tlb/201702/W020170224608149125645.pdf%7D},
 publisher = {{OUP Oxford}},
 isbn = {9780198570004}
}

@InProceedings{ABC01,
  author   = {N. Abraham and U. Bibel and P. Corleone},
  title    = {Formatting Contributions for Proceedings},
  pages    = {46-53},
  crossref = {Gl01},
}

@InBook{Az09,
  pages    = {135-162},
  title    = {Die Fußnote in LNI-Bänden},
  author   = {Azubi, L. and others},
  crossref = {Gl09},
}

@Book{AB00,
  title     = {Formatierungsrichtlinien für Tagungsbände},
  publisher = {Format-Verlag},
  year      = {2000},
  author    = {K. Abel and U. Bibel},
  address   = {Bonn},
}

@Book{Ez10,
  title     = {The Magic Format -- Your Way to Pretty Books},
  publisher = {Noah \& Sons},
  year      = {2010},
  author    = {O. Ezgarani},
}

@Article{Gl06,
  author  = {H. I. Glück},
  title   = {Formatierung leicht gemacht},
  journal = {Formatierungsjournal},
  volume  = {11},
  number  = {09},
  year    = {2009},
  pages   = {23-27},
}

@Book{Wa14,
  title     = {Essenzen der Informatik},
  publisher = {Verlag Formvoll},
  year      = {2014},
  author    = {K. Wasser and H. Feuer and R. Erde and H. Licht},
}

@Book{Wa14b,
  title     = {Ganz neue Essenzen der Informatik im selben Jahr},
  publisher = {Format-Verlag},
  year      = {2014},
  author    = {K. Wasser and H. Feuer and R. Erde and H. Licht},
}

@Proceedings{Gl01,
  title     = {Proc. 7th Int. Conf. on Formatting of Workshop-Proceedings},
  year      = {2001},
  editor    = {Glück, H. I.},
  address   = {San Francisco},
  publisher = {Noah \& Sons},
  booktitle = {Proc. 7th Int. Conf. on Formatting of Workshop-Proceedings},
}

@Book{Gl09,
  title     = {Formatierung 2009},
  publisher = {Format-Verlag},
  year      = {2009},
  editor    = {H. I. Glück},
  number    = {999},
  series    = {LNI},
  address   = {Bonn},
  booktitle = {Formatierung 2009},
}

@Misc{XX14,
  title        = {Anteil an Frauen in der Informatik},
  label        = {An},
  howpublished = {Statistics Worldwide},
  year         = {2014},
}

@Online{GI19,
  author = {{Gesellschaft für Informatik e.\,V.}},
  label  = {GI},
  year  = {2019},
  url  =  {http://www.gi.de},
  urldate = {2019-03-21}
}

@Comment{jabref-meta: databaseType:biblatex;}
